%YAML 1.1
%TAG !u! tag:unity3d.com,2011:
--- !u!29 &1
OcclusionCullingSettings:
  m_ObjectHideFlags: 0
  serializedVersion: 2
  m_OcclusionBakeSettings:
    smallestOccluder: 5
    smallestHole: 0.25
    backfaceThreshold: 100
  m_SceneGUID: 00000000000000000000000000000000
  m_OcclusionCullingData: {fileID: 0}
--- !u!104 &2
RenderSettings:
  m_ObjectHideFlags: 0
  serializedVersion: 9
  m_Fog: 0
  m_FogColor: {r: 0.5, g: 0.5, b: 0.5, a: 1}
  m_FogMode: 3
  m_FogDensity: 0.01
  m_LinearFogStart: 0
  m_LinearFogEnd: 300
  m_AmbientSkyColor: {r: 0.212, g: 0.227, b: 0.259, a: 1}
  m_AmbientEquatorColor: {r: 0.114, g: 0.125, b: 0.133, a: 1}
  m_AmbientGroundColor: {r: 0.047, g: 0.043, b: 0.035, a: 1}
  m_AmbientIntensity: 1
  m_AmbientMode: 0
  m_SubtractiveShadowColor: {r: 0.42, g: 0.478, b: 0.627, a: 1}
  m_SkyboxMaterial: {fileID: 10304, guid: 0000000000000000f000000000000000, type: 0}
  m_HaloStrength: 0.5
  m_FlareStrength: 1
  m_FlareFadeSpeed: 3
  m_HaloTexture: {fileID: 0}
  m_SpotCookie: {fileID: 10001, guid: 0000000000000000e000000000000000, type: 0}
  m_DefaultReflectionMode: 0
  m_DefaultReflectionResolution: 128
  m_ReflectionBounces: 1
  m_ReflectionIntensity: 1
  m_CustomReflection: {fileID: 0}
  m_Sun: {fileID: 0}
  m_IndirectSpecularColor: {r: 0, g: 0, b: 0, a: 1}
  m_UseRadianceAmbientProbe: 0
--- !u!157 &3
LightmapSettings:
  m_ObjectHideFlags: 0
  serializedVersion: 11
  m_GIWorkflowMode: 1
  m_GISettings:
    serializedVersion: 2
    m_BounceScale: 1
    m_IndirectOutputScale: 1
    m_AlbedoBoost: 1
    m_EnvironmentLightingMode: 0
    m_EnableBakedLightmaps: 1
    m_EnableRealtimeLightmaps: 1
  m_LightmapEditorSettings:
    serializedVersion: 12
    m_Resolution: 2
    m_BakeResolution: 40
    m_AtlasSize: 1024
    m_AO: 0
    m_AOMaxDistance: 1
    m_CompAOExponent: 1
    m_CompAOExponentDirect: 0
    m_ExtractAmbientOcclusion: 0
    m_Padding: 2
    m_LightmapParameters: {fileID: 0}
    m_LightmapsBakeMode: 1
    m_TextureCompression: 1
    m_FinalGather: 0
    m_FinalGatherFiltering: 1
    m_FinalGatherRayCount: 256
    m_ReflectionCompression: 2
    m_MixedBakeMode: 2
    m_BakeBackend: 1
    m_PVRSampling: 1
    m_PVRDirectSampleCount: 32
    m_PVRSampleCount: 512
    m_PVRBounces: 2
    m_PVREnvironmentSampleCount: 256
    m_PVREnvironmentReferencePointCount: 2048
    m_PVRFilteringMode: 1
    m_PVRDenoiserTypeDirect: 1
    m_PVRDenoiserTypeIndirect: 1
    m_PVRDenoiserTypeAO: 1
    m_PVRFilterTypeDirect: 0
    m_PVRFilterTypeIndirect: 0
    m_PVRFilterTypeAO: 0
    m_PVREnvironmentMIS: 1
    m_PVRCulling: 1
    m_PVRFilteringGaussRadiusDirect: 1
    m_PVRFilteringGaussRadiusIndirect: 5
    m_PVRFilteringGaussRadiusAO: 2
    m_PVRFilteringAtrousPositionSigmaDirect: 0.5
    m_PVRFilteringAtrousPositionSigmaIndirect: 2
    m_PVRFilteringAtrousPositionSigmaAO: 1
    m_ShowResolutionOverlay: 1
    m_ExportTrainingData: 0
  m_LightingDataAsset: {fileID: 0}
  m_UseShadowmask: 1
--- !u!196 &4
NavMeshSettings:
  serializedVersion: 2
  m_ObjectHideFlags: 0
  m_BuildSettings:
    serializedVersion: 2
    agentTypeID: 0
    agentRadius: 0.5
    agentHeight: 2
    agentSlope: 45
    agentClimb: 0.4
    ledgeDropHeight: 0
    maxJumpAcrossDistance: 0
    minRegionArea: 2
    manualCellSize: 0
    cellSize: 0.16666667
    manualTileSize: 0
    tileSize: 256
    accuratePlacement: 0
    debug:
      m_Flags: 0
  m_NavMeshData: {fileID: 0}
--- !u!4 &46416517 stripped
Transform:
  m_CorrespondingSourceObject: {fileID: 4276133437603082719, guid: 32a477d435655ba48a658244f304920f,
    type: 3}
  m_PrefabInstance: {fileID: 1836558906}
  m_PrefabAsset: {fileID: 0}
--- !u!4 &96784475 stripped
Transform:
  m_CorrespondingSourceObject: {fileID: 1242733279953839125, guid: 8f3f87dacb6ce5c4f963f9087120612c,
    type: 3}
  m_PrefabInstance: {fileID: 158857475}
  m_PrefabAsset: {fileID: 0}
--- !u!1 &151218258 stripped
GameObject:
  m_CorrespondingSourceObject: {fileID: 1242733278480297687, guid: 8f3f87dacb6ce5c4f963f9087120612c,
    type: 3}
  m_PrefabInstance: {fileID: 158857475}
  m_PrefabAsset: {fileID: 0}
--- !u!4 &151218259 stripped
Transform:
  m_CorrespondingSourceObject: {fileID: 1242733278480297684, guid: 8f3f87dacb6ce5c4f963f9087120612c,
    type: 3}
  m_PrefabInstance: {fileID: 158857475}
  m_PrefabAsset: {fileID: 0}
--- !u!65 &151218262
BoxCollider:
  m_ObjectHideFlags: 0
  m_CorrespondingSourceObject: {fileID: 0}
  m_PrefabInstance: {fileID: 0}
  m_PrefabAsset: {fileID: 0}
  m_GameObject: {fileID: 151218258}
  m_Material: {fileID: 0}
  m_IsTrigger: 0
  m_Enabled: 1
  serializedVersion: 2
  m_Size: {x: 1.0358331, y: 0.124506816, z: 0.00930479}
  m_Center: {x: 0.006060437, y: 0.0039012867, z: 0.0053438046}
--- !u!1001 &158857475
PrefabInstance:
  m_ObjectHideFlags: 0
  serializedVersion: 2
  m_Modification:
    m_TransformParent: {fileID: 0}
    m_Modifications:
    - target: {fileID: 1242733279953839126, guid: 8f3f87dacb6ce5c4f963f9087120612c,
        type: 3}
      propertyPath: m_Name
      value: FutureRegion1
      objectReference: {fileID: 0}
    - target: {fileID: 1242733279953839125, guid: 8f3f87dacb6ce5c4f963f9087120612c,
        type: 3}
      propertyPath: m_LocalPosition.x
      value: 1
      objectReference: {fileID: 0}
    - target: {fileID: 1242733279953839125, guid: 8f3f87dacb6ce5c4f963f9087120612c,
        type: 3}
      propertyPath: m_LocalPosition.y
      value: 995
      objectReference: {fileID: 0}
    - target: {fileID: 1242733279953839125, guid: 8f3f87dacb6ce5c4f963f9087120612c,
        type: 3}
      propertyPath: m_LocalPosition.z
      value: -7
      objectReference: {fileID: 0}
    - target: {fileID: 1242733279953839125, guid: 8f3f87dacb6ce5c4f963f9087120612c,
        type: 3}
      propertyPath: m_LocalRotation.x
      value: 0
      objectReference: {fileID: 0}
    - target: {fileID: 1242733279953839125, guid: 8f3f87dacb6ce5c4f963f9087120612c,
        type: 3}
      propertyPath: m_LocalRotation.y
      value: 0
      objectReference: {fileID: 0}
    - target: {fileID: 1242733279953839125, guid: 8f3f87dacb6ce5c4f963f9087120612c,
        type: 3}
      propertyPath: m_LocalRotation.z
      value: 0
      objectReference: {fileID: 0}
    - target: {fileID: 1242733279953839125, guid: 8f3f87dacb6ce5c4f963f9087120612c,
        type: 3}
      propertyPath: m_LocalRotation.w
      value: 1
      objectReference: {fileID: 0}
    - target: {fileID: 1242733279953839125, guid: 8f3f87dacb6ce5c4f963f9087120612c,
        type: 3}
      propertyPath: m_RootOrder
      value: 3
      objectReference: {fileID: 0}
    - target: {fileID: 1242733279953839125, guid: 8f3f87dacb6ce5c4f963f9087120612c,
        type: 3}
      propertyPath: m_LocalEulerAnglesHint.x
      value: 0
      objectReference: {fileID: 0}
    - target: {fileID: 1242733279953839125, guid: 8f3f87dacb6ce5c4f963f9087120612c,
        type: 3}
      propertyPath: m_LocalEulerAnglesHint.y
      value: 0
      objectReference: {fileID: 0}
    - target: {fileID: 1242733279953839125, guid: 8f3f87dacb6ce5c4f963f9087120612c,
        type: 3}
      propertyPath: m_LocalEulerAnglesHint.z
      value: 0
      objectReference: {fileID: 0}
    - target: {fileID: 1242733278013684419, guid: 8f3f87dacb6ce5c4f963f9087120612c,
        type: 3}
      propertyPath: m_IsActive
      value: 0
      objectReference: {fileID: 0}
    - target: {fileID: 1242733279671193620, guid: 8f3f87dacb6ce5c4f963f9087120612c,
        type: 3}
      propertyPath: m_IsActive
      value: 0
      objectReference: {fileID: 0}
    - target: {fileID: 1242733279426547551, guid: 8f3f87dacb6ce5c4f963f9087120612c,
        type: 3}
      propertyPath: m_LocalPosition.y
      value: 11.05
      objectReference: {fileID: 0}
    - target: {fileID: 1242733279420715035, guid: 8f3f87dacb6ce5c4f963f9087120612c,
        type: 3}
      propertyPath: m_LocalPosition.y
      value: 11.456138
      objectReference: {fileID: 0}
    - target: {fileID: 1242733278454418567, guid: 8f3f87dacb6ce5c4f963f9087120612c,
        type: 3}
      propertyPath: m_LocalPosition.y
      value: 11.664019
      objectReference: {fileID: 0}
    - target: {fileID: 1242733279373087390, guid: 8f3f87dacb6ce5c4f963f9087120612c,
        type: 3}
      propertyPath: m_LocalPosition.y
      value: 13.277779
      objectReference: {fileID: 0}
    - target: {fileID: 1242733279479895709, guid: 8f3f87dacb6ce5c4f963f9087120612c,
        type: 3}
      propertyPath: m_LocalPosition.y
      value: 15.340427
      objectReference: {fileID: 0}
    - target: {fileID: 1242733279972308092, guid: 8f3f87dacb6ce5c4f963f9087120612c,
        type: 3}
      propertyPath: m_LocalPosition.y
      value: 15.146019
      objectReference: {fileID: 0}
    - target: {fileID: 1242733278151549885, guid: 8f3f87dacb6ce5c4f963f9087120612c,
        type: 3}
      propertyPath: m_LocalPosition.y
      value: 16.229536
      objectReference: {fileID: 0}
    - target: {fileID: 1242733279120708147, guid: 8f3f87dacb6ce5c4f963f9087120612c,
        type: 3}
      propertyPath: m_LocalPosition.y
      value: 17.526882
      objectReference: {fileID: 0}
    - target: {fileID: 1242733279456719976, guid: 8f3f87dacb6ce5c4f963f9087120612c,
        type: 3}
      propertyPath: m_LocalPosition.y
      value: 17.370888
      objectReference: {fileID: 0}
    m_RemovedComponents: []
  m_SourcePrefab: {fileID: 100100000, guid: 8f3f87dacb6ce5c4f963f9087120612c, type: 3}
--- !u!1001 &216025665
PrefabInstance:
  m_ObjectHideFlags: 0
  serializedVersion: 2
  m_Modification:
    m_TransformParent: {fileID: 1690950746}
    m_Modifications:
    - target: {fileID: 7938015943625529368, guid: f27ea080196033d41bec77cd8439d86d,
        type: 3}
      propertyPath: m_Name
      value: Stick
      objectReference: {fileID: 0}
    - target: {fileID: 6373198932435610123, guid: f27ea080196033d41bec77cd8439d86d,
        type: 3}
      propertyPath: m_LocalPosition.x
      value: 2.8915775
      objectReference: {fileID: 0}
    - target: {fileID: 6373198932435610123, guid: f27ea080196033d41bec77cd8439d86d,
        type: 3}
      propertyPath: m_LocalPosition.y
      value: 1.42
      objectReference: {fileID: 0}
    - target: {fileID: 6373198932435610123, guid: f27ea080196033d41bec77cd8439d86d,
        type: 3}
      propertyPath: m_LocalPosition.z
      value: -4.17
      objectReference: {fileID: 0}
    - target: {fileID: 6373198932435610123, guid: f27ea080196033d41bec77cd8439d86d,
        type: 3}
      propertyPath: m_LocalRotation.x
      value: 0
      objectReference: {fileID: 0}
    - target: {fileID: 6373198932435610123, guid: f27ea080196033d41bec77cd8439d86d,
        type: 3}
      propertyPath: m_LocalRotation.y
      value: 0.38268343
      objectReference: {fileID: 0}
    - target: {fileID: 6373198932435610123, guid: f27ea080196033d41bec77cd8439d86d,
        type: 3}
      propertyPath: m_LocalRotation.z
      value: 0
      objectReference: {fileID: 0}
    - target: {fileID: 6373198932435610123, guid: f27ea080196033d41bec77cd8439d86d,
        type: 3}
      propertyPath: m_LocalRotation.w
      value: 0.92387956
      objectReference: {fileID: 0}
    - target: {fileID: 6373198932435610123, guid: f27ea080196033d41bec77cd8439d86d,
        type: 3}
      propertyPath: m_RootOrder
      value: 4
      objectReference: {fileID: 0}
    - target: {fileID: 6373198932435610123, guid: f27ea080196033d41bec77cd8439d86d,
        type: 3}
      propertyPath: m_LocalEulerAnglesHint.x
      value: 0
      objectReference: {fileID: 0}
    - target: {fileID: 6373198932435610123, guid: f27ea080196033d41bec77cd8439d86d,
        type: 3}
      propertyPath: m_LocalEulerAnglesHint.y
      value: 45
      objectReference: {fileID: 0}
    - target: {fileID: 6373198932435610123, guid: f27ea080196033d41bec77cd8439d86d,
        type: 3}
      propertyPath: m_LocalEulerAnglesHint.z
      value: 0
      objectReference: {fileID: 0}
    - target: {fileID: 3576841341101904505, guid: f27ea080196033d41bec77cd8439d86d,
        type: 3}
      propertyPath: m_UseGravity
      value: 1
      objectReference: {fileID: 0}
    - target: {fileID: 4211530118458721035, guid: f27ea080196033d41bec77cd8439d86d,
        type: 3}
      propertyPath: m_Enabled
      value: 0
      objectReference: {fileID: 0}
    - target: {fileID: 8342182779220392289, guid: f27ea080196033d41bec77cd8439d86d,
        type: 3}
      propertyPath: m_Enabled
      value: 1
      objectReference: {fileID: 0}
    m_RemovedComponents: []
  m_SourcePrefab: {fileID: 100100000, guid: f27ea080196033d41bec77cd8439d86d, type: 3}
--- !u!4 &216025666 stripped
Transform:
  m_CorrespondingSourceObject: {fileID: 6373198932435610123, guid: f27ea080196033d41bec77cd8439d86d,
    type: 3}
  m_PrefabInstance: {fileID: 216025665}
  m_PrefabAsset: {fileID: 0}
--- !u!1 &415263551 stripped
GameObject:
  m_CorrespondingSourceObject: {fileID: 1242733279671193620, guid: 8f3f87dacb6ce5c4f963f9087120612c,
    type: 3}
  m_PrefabInstance: {fileID: 158857475}
  m_PrefabAsset: {fileID: 0}
--- !u!4 &434033605 stripped
Transform:
  m_CorrespondingSourceObject: {fileID: 3210859198598566276, guid: d1a3a6eac815edc44885420e9433cc15,
    type: 3}
  m_PrefabInstance: {fileID: 552928704}
  m_PrefabAsset: {fileID: 0}
--- !u!1001 &448958036
PrefabInstance:
  m_ObjectHideFlags: 0
  serializedVersion: 2
  m_Modification:
    m_TransformParent: {fileID: 0}
    m_Modifications:
    - target: {fileID: 3776731950276919385, guid: 18b815da4cd13fd4aae77699c9aea1e9,
        type: 3}
      propertyPath: m_Name
      value: ObjectCollection
      objectReference: {fileID: 0}
    - target: {fileID: 3776731950276919387, guid: 18b815da4cd13fd4aae77699c9aea1e9,
        type: 3}
      propertyPath: m_LocalPosition.x
      value: 0
      objectReference: {fileID: 0}
    - target: {fileID: 3776731950276919387, guid: 18b815da4cd13fd4aae77699c9aea1e9,
        type: 3}
      propertyPath: m_LocalPosition.y
      value: 0
      objectReference: {fileID: 0}
    - target: {fileID: 3776731950276919387, guid: 18b815da4cd13fd4aae77699c9aea1e9,
        type: 3}
      propertyPath: m_LocalPosition.z
      value: 0
      objectReference: {fileID: 0}
    - target: {fileID: 3776731950276919387, guid: 18b815da4cd13fd4aae77699c9aea1e9,
        type: 3}
      propertyPath: m_LocalRotation.x
      value: 0
      objectReference: {fileID: 0}
    - target: {fileID: 3776731950276919387, guid: 18b815da4cd13fd4aae77699c9aea1e9,
        type: 3}
      propertyPath: m_LocalRotation.y
      value: 0
      objectReference: {fileID: 0}
    - target: {fileID: 3776731950276919387, guid: 18b815da4cd13fd4aae77699c9aea1e9,
        type: 3}
      propertyPath: m_LocalRotation.z
      value: 0
      objectReference: {fileID: 0}
    - target: {fileID: 3776731950276919387, guid: 18b815da4cd13fd4aae77699c9aea1e9,
        type: 3}
      propertyPath: m_LocalRotation.w
      value: 1
      objectReference: {fileID: 0}
    - target: {fileID: 3776731950276919387, guid: 18b815da4cd13fd4aae77699c9aea1e9,
        type: 3}
      propertyPath: m_RootOrder
      value: 5
      objectReference: {fileID: 0}
    - target: {fileID: 3776731950276919387, guid: 18b815da4cd13fd4aae77699c9aea1e9,
        type: 3}
      propertyPath: m_LocalEulerAnglesHint.x
      value: 0
      objectReference: {fileID: 0}
    - target: {fileID: 3776731950276919387, guid: 18b815da4cd13fd4aae77699c9aea1e9,
        type: 3}
      propertyPath: m_LocalEulerAnglesHint.y
      value: 0
      objectReference: {fileID: 0}
    - target: {fileID: 3776731950276919387, guid: 18b815da4cd13fd4aae77699c9aea1e9,
        type: 3}
      propertyPath: m_LocalEulerAnglesHint.z
      value: 0
      objectReference: {fileID: 0}
    m_RemovedComponents: []
  m_SourcePrefab: {fileID: 100100000, guid: 18b815da4cd13fd4aae77699c9aea1e9, type: 3}
--- !u!1 &467437849 stripped
GameObject:
  m_CorrespondingSourceObject: {fileID: 4276133438912802267, guid: 32a477d435655ba48a658244f304920f,
    type: 3}
  m_PrefabInstance: {fileID: 1836558906}
  m_PrefabAsset: {fileID: 0}
--- !u!4 &551239428 stripped
Transform:
  m_CorrespondingSourceObject: {fileID: 6279611182787693257, guid: 409047c948441f045802894b274e1903,
    type: 3}
  m_PrefabInstance: {fileID: 703122860}
  m_PrefabAsset: {fileID: 0}
--- !u!1001 &552928704
PrefabInstance:
  m_ObjectHideFlags: 0
  serializedVersion: 2
  m_Modification:
    m_TransformParent: {fileID: 1354080196}
    m_Modifications:
    - target: {fileID: 1933199504938738583, guid: d1a3a6eac815edc44885420e9433cc15,
        type: 3}
      propertyPath: m_Name
      value: Unstable_Cell
      objectReference: {fileID: 0}
    - target: {fileID: 3210859198598566276, guid: d1a3a6eac815edc44885420e9433cc15,
        type: 3}
      propertyPath: m_LocalPosition.x
      value: 3.2164688
      objectReference: {fileID: 0}
    - target: {fileID: 3210859198598566276, guid: d1a3a6eac815edc44885420e9433cc15,
        type: 3}
      propertyPath: m_LocalPosition.y
      value: 15.5
      objectReference: {fileID: 0}
    - target: {fileID: 3210859198598566276, guid: d1a3a6eac815edc44885420e9433cc15,
        type: 3}
      propertyPath: m_LocalPosition.z
      value: 1.5
      objectReference: {fileID: 0}
    - target: {fileID: 3210859198598566276, guid: d1a3a6eac815edc44885420e9433cc15,
        type: 3}
      propertyPath: m_LocalRotation.x
      value: -0.7071068
      objectReference: {fileID: 0}
    - target: {fileID: 3210859198598566276, guid: d1a3a6eac815edc44885420e9433cc15,
        type: 3}
      propertyPath: m_LocalRotation.y
      value: 0
      objectReference: {fileID: 0}
    - target: {fileID: 3210859198598566276, guid: d1a3a6eac815edc44885420e9433cc15,
        type: 3}
      propertyPath: m_LocalRotation.z
      value: -0
      objectReference: {fileID: 0}
    - target: {fileID: 3210859198598566276, guid: d1a3a6eac815edc44885420e9433cc15,
        type: 3}
      propertyPath: m_LocalRotation.w
      value: 0.7071067
      objectReference: {fileID: 0}
    - target: {fileID: 3210859198598566276, guid: d1a3a6eac815edc44885420e9433cc15,
        type: 3}
      propertyPath: m_RootOrder
      value: 1
      objectReference: {fileID: 0}
    - target: {fileID: 3210859198598566276, guid: d1a3a6eac815edc44885420e9433cc15,
        type: 3}
      propertyPath: m_LocalEulerAnglesHint.x
      value: 0
      objectReference: {fileID: 0}
    - target: {fileID: 3210859198598566276, guid: d1a3a6eac815edc44885420e9433cc15,
        type: 3}
      propertyPath: m_LocalEulerAnglesHint.y
      value: 0
      objectReference: {fileID: 0}
    - target: {fileID: 3210859198598566276, guid: d1a3a6eac815edc44885420e9433cc15,
        type: 3}
      propertyPath: m_LocalEulerAnglesHint.z
      value: 0
      objectReference: {fileID: 0}
    m_RemovedComponents: []
  m_SourcePrefab: {fileID: 100100000, guid: d1a3a6eac815edc44885420e9433cc15, type: 3}
--- !u!1001 &703122860
PrefabInstance:
  m_ObjectHideFlags: 0
  serializedVersion: 2
  m_Modification:
    m_TransformParent: {fileID: 0}
    m_Modifications:
    - target: {fileID: 6279611182787693256, guid: 409047c948441f045802894b274e1903,
        type: 3}
      propertyPath: m_Name
      value: PastRegion1
      objectReference: {fileID: 0}
    - target: {fileID: 6279611182787693257, guid: 409047c948441f045802894b274e1903,
        type: 3}
      propertyPath: m_LocalPosition.x
      value: 0
      objectReference: {fileID: 0}
    - target: {fileID: 6279611182787693257, guid: 409047c948441f045802894b274e1903,
        type: 3}
      propertyPath: m_LocalPosition.y
      value: -1005
      objectReference: {fileID: 0}
    - target: {fileID: 6279611182787693257, guid: 409047c948441f045802894b274e1903,
        type: 3}
      propertyPath: m_LocalPosition.z
      value: 10
      objectReference: {fileID: 0}
    - target: {fileID: 6279611182787693257, guid: 409047c948441f045802894b274e1903,
        type: 3}
      propertyPath: m_LocalRotation.x
      value: 0
      objectReference: {fileID: 0}
    - target: {fileID: 6279611182787693257, guid: 409047c948441f045802894b274e1903,
        type: 3}
      propertyPath: m_LocalRotation.y
      value: 0
      objectReference: {fileID: 0}
    - target: {fileID: 6279611182787693257, guid: 409047c948441f045802894b274e1903,
        type: 3}
      propertyPath: m_LocalRotation.z
      value: 0
      objectReference: {fileID: 0}
    - target: {fileID: 6279611182787693257, guid: 409047c948441f045802894b274e1903,
        type: 3}
      propertyPath: m_LocalRotation.w
      value: 1
      objectReference: {fileID: 0}
    - target: {fileID: 6279611182787693257, guid: 409047c948441f045802894b274e1903,
        type: 3}
      propertyPath: m_RootOrder
      value: 2
      objectReference: {fileID: 0}
    - target: {fileID: 6279611182787693257, guid: 409047c948441f045802894b274e1903,
        type: 3}
      propertyPath: m_LocalEulerAnglesHint.x
      value: 0
      objectReference: {fileID: 0}
    - target: {fileID: 6279611182787693257, guid: 409047c948441f045802894b274e1903,
        type: 3}
      propertyPath: m_LocalEulerAnglesHint.y
      value: 0
      objectReference: {fileID: 0}
    - target: {fileID: 6279611182787693257, guid: 409047c948441f045802894b274e1903,
        type: 3}
      propertyPath: m_LocalEulerAnglesHint.z
      value: 0
      objectReference: {fileID: 0}
    - target: {fileID: 6279611182800530994, guid: 409047c948441f045802894b274e1903,
        type: 3}
      propertyPath: m_IsActive
      value: 0
      objectReference: {fileID: 0}
    - target: {fileID: 6279611183901459471, guid: 409047c948441f045802894b274e1903,
        type: 3}
      propertyPath: m_IsActive
      value: 0
      objectReference: {fileID: 0}
    - target: {fileID: 6279611184195502181, guid: 409047c948441f045802894b274e1903,
        type: 3}
      propertyPath: objects
      value: 
      objectReference: {fileID: 2028113767}
    - target: {fileID: 6279611183797069947, guid: 409047c948441f045802894b274e1903,
        type: 3}
      propertyPath: objects
      value: 
      objectReference: {fileID: 2028113767}
    - target: {fileID: 6279611183797069950, guid: 409047c948441f045802894b274e1903,
        type: 3}
      propertyPath: m_IsActive
      value: 0
      objectReference: {fileID: 0}
    - target: {fileID: 6279611184195502233, guid: 409047c948441f045802894b274e1903,
        type: 3}
      propertyPath: m_IsActive
      value: 0
      objectReference: {fileID: 0}
    m_RemovedComponents: []
  m_SourcePrefab: {fileID: 100100000, guid: 409047c948441f045802894b274e1903, type: 3}
--- !u!1001 &876104905
PrefabInstance:
  m_ObjectHideFlags: 0
  serializedVersion: 2
  m_Modification:
    m_TransformParent: {fileID: 1690950746}
    m_Modifications:
    - target: {fileID: 210538826033173145, guid: b44a2c06dbdfab24ca4caaa09c346732,
        type: 3}
      propertyPath: m_Name
      value: Rock
      objectReference: {fileID: 0}
    - target: {fileID: 7728621108354467665, guid: b44a2c06dbdfab24ca4caaa09c346732,
        type: 3}
      propertyPath: m_LocalPosition.x
      value: -7.8
      objectReference: {fileID: 0}
    - target: {fileID: 7728621108354467665, guid: b44a2c06dbdfab24ca4caaa09c346732,
        type: 3}
      propertyPath: m_LocalPosition.y
      value: 1.52
      objectReference: {fileID: 0}
    - target: {fileID: 7728621108354467665, guid: b44a2c06dbdfab24ca4caaa09c346732,
        type: 3}
      propertyPath: m_LocalPosition.z
      value: 0
      objectReference: {fileID: 0}
    - target: {fileID: 7728621108354467665, guid: b44a2c06dbdfab24ca4caaa09c346732,
        type: 3}
      propertyPath: m_LocalRotation.x
      value: -0
      objectReference: {fileID: 0}
    - target: {fileID: 7728621108354467665, guid: b44a2c06dbdfab24ca4caaa09c346732,
        type: 3}
      propertyPath: m_LocalRotation.y
      value: -0
      objectReference: {fileID: 0}
    - target: {fileID: 7728621108354467665, guid: b44a2c06dbdfab24ca4caaa09c346732,
        type: 3}
      propertyPath: m_LocalRotation.z
      value: -0
      objectReference: {fileID: 0}
    - target: {fileID: 7728621108354467665, guid: b44a2c06dbdfab24ca4caaa09c346732,
        type: 3}
      propertyPath: m_LocalRotation.w
      value: 1
      objectReference: {fileID: 0}
    - target: {fileID: 7728621108354467665, guid: b44a2c06dbdfab24ca4caaa09c346732,
        type: 3}
      propertyPath: m_RootOrder
      value: 1
      objectReference: {fileID: 0}
    - target: {fileID: 7728621108354467665, guid: b44a2c06dbdfab24ca4caaa09c346732,
        type: 3}
      propertyPath: m_LocalEulerAnglesHint.x
      value: 0
      objectReference: {fileID: 0}
    - target: {fileID: 7728621108354467665, guid: b44a2c06dbdfab24ca4caaa09c346732,
        type: 3}
      propertyPath: m_LocalEulerAnglesHint.y
      value: 0
      objectReference: {fileID: 0}
    - target: {fileID: 7728621108354467665, guid: b44a2c06dbdfab24ca4caaa09c346732,
        type: 3}
      propertyPath: m_LocalEulerAnglesHint.z
      value: 0
      objectReference: {fileID: 0}
    - target: {fileID: -6324964675633999828, guid: b44a2c06dbdfab24ca4caaa09c346732,
        type: 3}
      propertyPath: m_UseGravity
      value: 1
      objectReference: {fileID: 0}
    - target: {fileID: 503352035578757526, guid: b44a2c06dbdfab24ca4caaa09c346732,
        type: 3}
      propertyPath: m_Enabled
      value: 0
      objectReference: {fileID: 0}
    - target: {fileID: 9010951041215041017, guid: b44a2c06dbdfab24ca4caaa09c346732,
        type: 3}
      propertyPath: m_Enabled
      value: 1
      objectReference: {fileID: 0}
    m_RemovedComponents: []
  m_SourcePrefab: {fileID: 100100000, guid: b44a2c06dbdfab24ca4caaa09c346732, type: 3}
--- !u!4 &876104906 stripped
Transform:
  m_CorrespondingSourceObject: {fileID: 7728621108354467665, guid: b44a2c06dbdfab24ca4caaa09c346732,
    type: 3}
  m_PrefabInstance: {fileID: 876104905}
  m_PrefabAsset: {fileID: 0}
--- !u!1001 &901950803
PrefabInstance:
  m_ObjectHideFlags: 0
  serializedVersion: 2
  m_Modification:
    m_TransformParent: {fileID: 1354080196}
    m_Modifications:
    - target: {fileID: 4797340556420169568, guid: 67e3f702880f34844adbf6d765adf2a0,
        type: 3}
      propertyPath: m_Name
      value: Scrap_Iron
      objectReference: {fileID: 0}
    - target: {fileID: 8415198045832564083, guid: 67e3f702880f34844adbf6d765adf2a0,
        type: 3}
      propertyPath: m_LocalPosition.x
      value: -0.6102501
      objectReference: {fileID: 0}
    - target: {fileID: 8415198045832564083, guid: 67e3f702880f34844adbf6d765adf2a0,
        type: 3}
      propertyPath: m_LocalPosition.y
      value: 14.68
      objectReference: {fileID: 0}
    - target: {fileID: 8415198045832564083, guid: 67e3f702880f34844adbf6d765adf2a0,
        type: 3}
      propertyPath: m_LocalPosition.z
      value: 5.12
      objectReference: {fileID: 0}
    - target: {fileID: 8415198045832564083, guid: 67e3f702880f34844adbf6d765adf2a0,
        type: 3}
      propertyPath: m_LocalRotation.x
      value: -0.7071068
      objectReference: {fileID: 0}
    - target: {fileID: 8415198045832564083, guid: 67e3f702880f34844adbf6d765adf2a0,
        type: 3}
      propertyPath: m_LocalRotation.y
      value: -0
      objectReference: {fileID: 0}
    - target: {fileID: 8415198045832564083, guid: 67e3f702880f34844adbf6d765adf2a0,
        type: 3}
      propertyPath: m_LocalRotation.z
      value: -0
      objectReference: {fileID: 0}
    - target: {fileID: 8415198045832564083, guid: 67e3f702880f34844adbf6d765adf2a0,
        type: 3}
      propertyPath: m_LocalRotation.w
      value: 0.7071067
      objectReference: {fileID: 0}
    - target: {fileID: 8415198045832564083, guid: 67e3f702880f34844adbf6d765adf2a0,
        type: 3}
      propertyPath: m_RootOrder
      value: 0
      objectReference: {fileID: 0}
    - target: {fileID: 8415198045832564083, guid: 67e3f702880f34844adbf6d765adf2a0,
        type: 3}
      propertyPath: m_LocalEulerAnglesHint.x
      value: 0
      objectReference: {fileID: 0}
    - target: {fileID: 8415198045832564083, guid: 67e3f702880f34844adbf6d765adf2a0,
        type: 3}
      propertyPath: m_LocalEulerAnglesHint.y
      value: 0
      objectReference: {fileID: 0}
    - target: {fileID: 8415198045832564083, guid: 67e3f702880f34844adbf6d765adf2a0,
        type: 3}
      propertyPath: m_LocalEulerAnglesHint.z
      value: 0
      objectReference: {fileID: 0}
    - target: {fileID: 8415198045832564083, guid: 67e3f702880f34844adbf6d765adf2a0,
        type: 3}
      propertyPath: m_LocalScale.x
      value: 10
      objectReference: {fileID: 0}
    - target: {fileID: 8415198045832564083, guid: 67e3f702880f34844adbf6d765adf2a0,
        type: 3}
      propertyPath: m_LocalScale.y
      value: 10
      objectReference: {fileID: 0}
    - target: {fileID: 8415198045832564083, guid: 67e3f702880f34844adbf6d765adf2a0,
        type: 3}
      propertyPath: m_LocalScale.z
      value: 10
      objectReference: {fileID: 0}
    - target: {fileID: 3583334031930943007, guid: 67e3f702880f34844adbf6d765adf2a0,
        type: 3}
      propertyPath: m_UseGravity
      value: 1
      objectReference: {fileID: 0}
    - target: {fileID: 8656425648977121269, guid: 67e3f702880f34844adbf6d765adf2a0,
        type: 3}
      propertyPath: m_Enabled
      value: 0
      objectReference: {fileID: 0}
    - target: {fileID: 8020955729038975365, guid: 67e3f702880f34844adbf6d765adf2a0,
        type: 3}
      propertyPath: m_Enabled
      value: 1
      objectReference: {fileID: 0}
    m_RemovedComponents: []
  m_SourcePrefab: {fileID: 100100000, guid: 67e3f702880f34844adbf6d765adf2a0, type: 3}
--- !u!4 &901950804 stripped
Transform:
  m_CorrespondingSourceObject: {fileID: 8415198045832564083, guid: 67e3f702880f34844adbf6d765adf2a0,
    type: 3}
  m_PrefabInstance: {fileID: 901950803}
  m_PrefabAsset: {fileID: 0}
--- !u!1 &1012359727 stripped
GameObject:
  m_CorrespondingSourceObject: {fileID: 7938015943625529368, guid: f27ea080196033d41bec77cd8439d86d,
    type: 3}
  m_PrefabInstance: {fileID: 216025665}
  m_PrefabAsset: {fileID: 0}
--- !u!114 &1012359728
MonoBehaviour:
  m_ObjectHideFlags: 0
  m_CorrespondingSourceObject: {fileID: 0}
  m_PrefabInstance: {fileID: 0}
  m_PrefabAsset: {fileID: 0}
  m_GameObject: {fileID: 1012359727}
  m_Enabled: 1
  m_EditorHideFlags: 0
  m_Script: {fileID: 11500000, guid: 4ea7bb7ae97852643bf6bc936000795c, type: 3}
  m_Name: 
  m_EditorClassIdentifier: 
  objects: {fileID: 2028113767}
--- !u!1001 &1096601344
PrefabInstance:
  m_ObjectHideFlags: 0
  serializedVersion: 2
  m_Modification:
    m_TransformParent: {fileID: 1690950746}
    m_Modifications:
    - target: {fileID: 210538826033173145, guid: b44a2c06dbdfab24ca4caaa09c346732,
        type: 3}
      propertyPath: m_Name
      value: Rock
      objectReference: {fileID: 0}
    - target: {fileID: 7728621108354467665, guid: b44a2c06dbdfab24ca4caaa09c346732,
        type: 3}
      propertyPath: m_LocalPosition.x
      value: 3.423
      objectReference: {fileID: 0}
    - target: {fileID: 7728621108354467665, guid: b44a2c06dbdfab24ca4caaa09c346732,
        type: 3}
      propertyPath: m_LocalPosition.y
      value: 1.554
      objectReference: {fileID: 0}
    - target: {fileID: 7728621108354467665, guid: b44a2c06dbdfab24ca4caaa09c346732,
        type: 3}
      propertyPath: m_LocalPosition.z
      value: 2.769
      objectReference: {fileID: 0}
    - target: {fileID: 7728621108354467665, guid: b44a2c06dbdfab24ca4caaa09c346732,
        type: 3}
      propertyPath: m_LocalRotation.x
      value: 0
      objectReference: {fileID: 0}
    - target: {fileID: 7728621108354467665, guid: b44a2c06dbdfab24ca4caaa09c346732,
        type: 3}
      propertyPath: m_LocalRotation.y
      value: 0
      objectReference: {fileID: 0}
    - target: {fileID: 7728621108354467665, guid: b44a2c06dbdfab24ca4caaa09c346732,
        type: 3}
      propertyPath: m_LocalRotation.z
      value: 0
      objectReference: {fileID: 0}
    - target: {fileID: 7728621108354467665, guid: b44a2c06dbdfab24ca4caaa09c346732,
        type: 3}
      propertyPath: m_LocalRotation.w
      value: 1
      objectReference: {fileID: 0}
    - target: {fileID: 7728621108354467665, guid: b44a2c06dbdfab24ca4caaa09c346732,
        type: 3}
      propertyPath: m_RootOrder
      value: 0
      objectReference: {fileID: 0}
    - target: {fileID: 7728621108354467665, guid: b44a2c06dbdfab24ca4caaa09c346732,
        type: 3}
      propertyPath: m_LocalEulerAnglesHint.x
      value: 0
      objectReference: {fileID: 0}
    - target: {fileID: 7728621108354467665, guid: b44a2c06dbdfab24ca4caaa09c346732,
        type: 3}
      propertyPath: m_LocalEulerAnglesHint.y
      value: 0
      objectReference: {fileID: 0}
    - target: {fileID: 7728621108354467665, guid: b44a2c06dbdfab24ca4caaa09c346732,
        type: 3}
      propertyPath: m_LocalEulerAnglesHint.z
      value: 0
      objectReference: {fileID: 0}
    - target: {fileID: -6324964675633999828, guid: b44a2c06dbdfab24ca4caaa09c346732,
        type: 3}
      propertyPath: m_UseGravity
      value: 1
      objectReference: {fileID: 0}
    - target: {fileID: 503352035578757526, guid: b44a2c06dbdfab24ca4caaa09c346732,
        type: 3}
      propertyPath: m_Enabled
      value: 0
      objectReference: {fileID: 0}
    - target: {fileID: 9010951041215041017, guid: b44a2c06dbdfab24ca4caaa09c346732,
        type: 3}
      propertyPath: m_Enabled
      value: 1
      objectReference: {fileID: 0}
    m_RemovedComponents: []
  m_SourcePrefab: {fileID: 100100000, guid: b44a2c06dbdfab24ca4caaa09c346732, type: 3}
--- !u!4 &1096601345 stripped
Transform:
  m_CorrespondingSourceObject: {fileID: 7728621108354467665, guid: b44a2c06dbdfab24ca4caaa09c346732,
    type: 3}
  m_PrefabInstance: {fileID: 1096601344}
  m_PrefabAsset: {fileID: 0}
--- !u!1 &1185873029
GameObject:
  m_ObjectHideFlags: 0
  m_CorrespondingSourceObject: {fileID: 0}
  m_PrefabInstance: {fileID: 0}
  m_PrefabAsset: {fileID: 0}
  serializedVersion: 6
  m_Component:
  - component: {fileID: 1185873030}
  m_Layer: 0
  m_Name: PastItems
  m_TagString: Untagged
  m_Icon: {fileID: 0}
  m_NavMeshLayer: 0
  m_StaticEditorFlags: 0
  m_IsActive: 1
--- !u!4 &1185873030
Transform:
  m_ObjectHideFlags: 0
  m_CorrespondingSourceObject: {fileID: 0}
  m_PrefabInstance: {fileID: 0}
  m_PrefabAsset: {fileID: 0}
  m_GameObject: {fileID: 1185873029}
  m_LocalRotation: {x: 0, y: 0, z: 0, w: 1}
  m_LocalPosition: {x: 0, y: 0, z: 0}
  m_LocalScale: {x: 1, y: 1, z: 1}
  m_Children: []
  m_Father: {fileID: 551239428}
  m_RootOrder: 8
  m_LocalEulerAnglesHint: {x: 0, y: 0, z: 0}
--- !u!1 &1185957224 stripped
GameObject:
  m_CorrespondingSourceObject: {fileID: 210538826033173145, guid: b44a2c06dbdfab24ca4caaa09c346732,
    type: 3}
  m_PrefabInstance: {fileID: 1511860106}
  m_PrefabAsset: {fileID: 0}
--- !u!114 &1185957225
MonoBehaviour:
  m_ObjectHideFlags: 0
  m_CorrespondingSourceObject: {fileID: 0}
  m_PrefabInstance: {fileID: 0}
  m_PrefabAsset: {fileID: 0}
  m_GameObject: {fileID: 1185957224}
  m_Enabled: 1
  m_EditorHideFlags: 0
  m_Script: {fileID: 11500000, guid: 4ea7bb7ae97852643bf6bc936000795c, type: 3}
  m_Name: 
  m_EditorClassIdentifier: 
  objects: {fileID: 2028113767}
--- !u!1 &1341542425 stripped
GameObject:
  m_CorrespondingSourceObject: {fileID: 4797340556420169568, guid: 67e3f702880f34844adbf6d765adf2a0,
    type: 3}
  m_PrefabInstance: {fileID: 901950803}
  m_PrefabAsset: {fileID: 0}
--- !u!114 &1341542426
MonoBehaviour:
  m_ObjectHideFlags: 0
  m_CorrespondingSourceObject: {fileID: 0}
  m_PrefabInstance: {fileID: 0}
  m_PrefabAsset: {fileID: 0}
  m_GameObject: {fileID: 1341542425}
  m_Enabled: 1
  m_EditorHideFlags: 0
  m_Script: {fileID: 11500000, guid: 4ea7bb7ae97852643bf6bc936000795c, type: 3}
  m_Name: 
  m_EditorClassIdentifier: 
  objects: {fileID: 2028113767}
--- !u!1 &1354080195
GameObject:
  m_ObjectHideFlags: 0
  m_CorrespondingSourceObject: {fileID: 0}
  m_PrefabInstance: {fileID: 0}
  m_PrefabAsset: {fileID: 0}
  serializedVersion: 6
  m_Component:
  - component: {fileID: 1354080196}
  m_Layer: 0
  m_Name: Future Items
  m_TagString: Untagged
  m_Icon: {fileID: 0}
  m_NavMeshLayer: 0
  m_StaticEditorFlags: 0
  m_IsActive: 1
--- !u!4 &1354080196
Transform:
  m_ObjectHideFlags: 0
  m_CorrespondingSourceObject: {fileID: 0}
  m_PrefabInstance: {fileID: 0}
  m_PrefabAsset: {fileID: 0}
  m_GameObject: {fileID: 1354080195}
  m_LocalRotation: {x: 0, y: 0, z: 0, w: 1}
  m_LocalPosition: {x: 0, y: 0, z: 0}
  m_LocalScale: {x: 1, y: 1, z: 1}
  m_Children:
  - {fileID: 901950804}
  - {fileID: 434033605}
  m_Father: {fileID: 96784475}
  m_RootOrder: 15
  m_LocalEulerAnglesHint: {x: 0, y: 0, z: 0}
--- !u!1001 &1511860106
PrefabInstance:
  m_ObjectHideFlags: 0
  serializedVersion: 2
  m_Modification:
    m_TransformParent: {fileID: 1690950746}
    m_Modifications:
    - target: {fileID: 210538826033173145, guid: b44a2c06dbdfab24ca4caaa09c346732,
        type: 3}
      propertyPath: m_Name
      value: Rock
      objectReference: {fileID: 0}
    - target: {fileID: 7728621108354467665, guid: b44a2c06dbdfab24ca4caaa09c346732,
        type: 3}
      propertyPath: m_LocalPosition.x
      value: -3.81
      objectReference: {fileID: 0}
    - target: {fileID: 7728621108354467665, guid: b44a2c06dbdfab24ca4caaa09c346732,
        type: 3}
      propertyPath: m_LocalPosition.y
      value: 1.255
      objectReference: {fileID: 0}
    - target: {fileID: 7728621108354467665, guid: b44a2c06dbdfab24ca4caaa09c346732,
        type: 3}
      propertyPath: m_LocalPosition.z
      value: -4.77
      objectReference: {fileID: 0}
    - target: {fileID: 7728621108354467665, guid: b44a2c06dbdfab24ca4caaa09c346732,
        type: 3}
      propertyPath: m_LocalRotation.x
      value: 0
      objectReference: {fileID: 0}
    - target: {fileID: 7728621108354467665, guid: b44a2c06dbdfab24ca4caaa09c346732,
        type: 3}
      propertyPath: m_LocalRotation.y
      value: 0
      objectReference: {fileID: 0}
    - target: {fileID: 7728621108354467665, guid: b44a2c06dbdfab24ca4caaa09c346732,
        type: 3}
      propertyPath: m_LocalRotation.z
      value: 0
      objectReference: {fileID: 0}
    - target: {fileID: 7728621108354467665, guid: b44a2c06dbdfab24ca4caaa09c346732,
        type: 3}
      propertyPath: m_LocalRotation.w
      value: 1
      objectReference: {fileID: 0}
    - target: {fileID: 7728621108354467665, guid: b44a2c06dbdfab24ca4caaa09c346732,
        type: 3}
      propertyPath: m_RootOrder
      value: 2
      objectReference: {fileID: 0}
    - target: {fileID: 7728621108354467665, guid: b44a2c06dbdfab24ca4caaa09c346732,
        type: 3}
      propertyPath: m_LocalEulerAnglesHint.x
      value: 0
      objectReference: {fileID: 0}
    - target: {fileID: 7728621108354467665, guid: b44a2c06dbdfab24ca4caaa09c346732,
        type: 3}
      propertyPath: m_LocalEulerAnglesHint.y
      value: 0
      objectReference: {fileID: 0}
    - target: {fileID: 7728621108354467665, guid: b44a2c06dbdfab24ca4caaa09c346732,
        type: 3}
      propertyPath: m_LocalEulerAnglesHint.z
      value: 0
      objectReference: {fileID: 0}
    - target: {fileID: -6324964675633999828, guid: b44a2c06dbdfab24ca4caaa09c346732,
        type: 3}
      propertyPath: m_UseGravity
      value: 1
      objectReference: {fileID: 0}
    - target: {fileID: 503352035578757526, guid: b44a2c06dbdfab24ca4caaa09c346732,
        type: 3}
      propertyPath: m_Enabled
      value: 0
      objectReference: {fileID: 0}
    - target: {fileID: 9010951041215041017, guid: b44a2c06dbdfab24ca4caaa09c346732,
        type: 3}
      propertyPath: m_Enabled
      value: 1
      objectReference: {fileID: 0}
    m_RemovedComponents: []
  m_SourcePrefab: {fileID: 100100000, guid: b44a2c06dbdfab24ca4caaa09c346732, type: 3}
--- !u!4 &1511860107 stripped
Transform:
  m_CorrespondingSourceObject: {fileID: 7728621108354467665, guid: b44a2c06dbdfab24ca4caaa09c346732,
    type: 3}
  m_PrefabInstance: {fileID: 1511860106}
  m_PrefabAsset: {fileID: 0}
--- !u!1 &1560192745 stripped
GameObject:
  m_CorrespondingSourceObject: {fileID: 4797340556420169568, guid: 67e3f702880f34844adbf6d765adf2a0,
    type: 3}
  m_PrefabInstance: {fileID: 1744532453}
  m_PrefabAsset: {fileID: 0}
--- !u!114 &1560192746
MonoBehaviour:
  m_ObjectHideFlags: 0
  m_CorrespondingSourceObject: {fileID: 0}
  m_PrefabInstance: {fileID: 0}
  m_PrefabAsset: {fileID: 0}
  m_GameObject: {fileID: 1560192745}
  m_Enabled: 1
  m_EditorHideFlags: 0
  m_Script: {fileID: 11500000, guid: 4ea7bb7ae97852643bf6bc936000795c, type: 3}
  m_Name: 
  m_EditorClassIdentifier: 
  objects: {fileID: 2028113767}
--- !u!1 &1686014213 stripped
GameObject:
  m_CorrespondingSourceObject: {fileID: 210538826033173145, guid: b44a2c06dbdfab24ca4caaa09c346732,
    type: 3}
  m_PrefabInstance: {fileID: 876104905}
  m_PrefabAsset: {fileID: 0}
--- !u!114 &1686014214
MonoBehaviour:
  m_ObjectHideFlags: 0
  m_CorrespondingSourceObject: {fileID: 0}
  m_PrefabInstance: {fileID: 0}
  m_PrefabAsset: {fileID: 0}
  m_GameObject: {fileID: 1686014213}
  m_Enabled: 1
  m_EditorHideFlags: 0
  m_Script: {fileID: 11500000, guid: 4ea7bb7ae97852643bf6bc936000795c, type: 3}
  m_Name: 
  m_EditorClassIdentifier: 
  objects: {fileID: 2028113767}
--- !u!1 &1690950745
GameObject:
  m_ObjectHideFlags: 0
  m_CorrespondingSourceObject: {fileID: 0}
  m_PrefabInstance: {fileID: 0}
  m_PrefabAsset: {fileID: 0}
  serializedVersion: 6
  m_Component:
  - component: {fileID: 1690950746}
  m_Layer: 0
  m_Name: PresentItems
  m_TagString: Untagged
  m_Icon: {fileID: 0}
  m_NavMeshLayer: 0
  m_StaticEditorFlags: 0
  m_IsActive: 1
--- !u!4 &1690950746
Transform:
  m_ObjectHideFlags: 0
  m_CorrespondingSourceObject: {fileID: 0}
  m_PrefabInstance: {fileID: 0}
  m_PrefabAsset: {fileID: 0}
  m_GameObject: {fileID: 1690950745}
  m_LocalRotation: {x: 0, y: 0, z: 0, w: 1}
  m_LocalPosition: {x: 0, y: 0, z: 0}
  m_LocalScale: {x: 1, y: 1, z: 1}
  m_Children:
  - {fileID: 1096601345}
  - {fileID: 876104906}
  - {fileID: 1511860107}
  - {fileID: 1757923911}
  - {fileID: 216025666}
  - {fileID: 1744532454}
  m_Father: {fileID: 46416517}
  m_RootOrder: 3
  m_LocalEulerAnglesHint: {x: 0, y: 0, z: 0}
--- !u!1001 &1744532453
PrefabInstance:
  m_ObjectHideFlags: 0
  serializedVersion: 2
  m_Modification:
    m_TransformParent: {fileID: 1690950746}
    m_Modifications:
    - target: {fileID: 4797340556420169568, guid: 67e3f702880f34844adbf6d765adf2a0,
        type: 3}
      propertyPath: m_Name
      value: Scrap_Iron
      objectReference: {fileID: 0}
    - target: {fileID: 8415198045832564083, guid: 67e3f702880f34844adbf6d765adf2a0,
        type: 3}
      propertyPath: m_LocalPosition.x
      value: -0.704
      objectReference: {fileID: 0}
    - target: {fileID: 8415198045832564083, guid: 67e3f702880f34844adbf6d765adf2a0,
        type: 3}
      propertyPath: m_LocalPosition.y
      value: 1.37
      objectReference: {fileID: 0}
    - target: {fileID: 8415198045832564083, guid: 67e3f702880f34844adbf6d765adf2a0,
        type: 3}
      propertyPath: m_LocalPosition.z
      value: 5.441
      objectReference: {fileID: 0}
    - target: {fileID: 8415198045832564083, guid: 67e3f702880f34844adbf6d765adf2a0,
        type: 3}
      propertyPath: m_LocalRotation.x
      value: -0.7071068
      objectReference: {fileID: 0}
    - target: {fileID: 8415198045832564083, guid: 67e3f702880f34844adbf6d765adf2a0,
        type: 3}
      propertyPath: m_LocalRotation.y
      value: 0
      objectReference: {fileID: 0}
    - target: {fileID: 8415198045832564083, guid: 67e3f702880f34844adbf6d765adf2a0,
        type: 3}
      propertyPath: m_LocalRotation.z
      value: -0
      objectReference: {fileID: 0}
    - target: {fileID: 8415198045832564083, guid: 67e3f702880f34844adbf6d765adf2a0,
        type: 3}
      propertyPath: m_LocalRotation.w
      value: 0.7071067
      objectReference: {fileID: 0}
    - target: {fileID: 8415198045832564083, guid: 67e3f702880f34844adbf6d765adf2a0,
        type: 3}
      propertyPath: m_RootOrder
      value: 5
      objectReference: {fileID: 0}
    - target: {fileID: 8415198045832564083, guid: 67e3f702880f34844adbf6d765adf2a0,
        type: 3}
      propertyPath: m_LocalEulerAnglesHint.x
      value: 0
      objectReference: {fileID: 0}
    - target: {fileID: 8415198045832564083, guid: 67e3f702880f34844adbf6d765adf2a0,
        type: 3}
      propertyPath: m_LocalEulerAnglesHint.y
      value: 0
      objectReference: {fileID: 0}
    - target: {fileID: 8415198045832564083, guid: 67e3f702880f34844adbf6d765adf2a0,
        type: 3}
      propertyPath: m_LocalEulerAnglesHint.z
      value: 0
      objectReference: {fileID: 0}
    - target: {fileID: 3583334031930943007, guid: 67e3f702880f34844adbf6d765adf2a0,
        type: 3}
      propertyPath: m_UseGravity
      value: 1
      objectReference: {fileID: 0}
    - target: {fileID: 8656425648977121269, guid: 67e3f702880f34844adbf6d765adf2a0,
        type: 3}
      propertyPath: m_Enabled
      value: 0
      objectReference: {fileID: 0}
    - target: {fileID: 8020955729038975365, guid: 67e3f702880f34844adbf6d765adf2a0,
        type: 3}
      propertyPath: m_Enabled
      value: 1
      objectReference: {fileID: 0}
    m_RemovedComponents: []
  m_SourcePrefab: {fileID: 100100000, guid: 67e3f702880f34844adbf6d765adf2a0, type: 3}
--- !u!4 &1744532454 stripped
Transform:
  m_CorrespondingSourceObject: {fileID: 8415198045832564083, guid: 67e3f702880f34844adbf6d765adf2a0,
    type: 3}
  m_PrefabInstance: {fileID: 1744532453}
  m_PrefabAsset: {fileID: 0}
--- !u!1 &1748155001
GameObject:
  m_ObjectHideFlags: 0
  m_CorrespondingSourceObject: {fileID: 0}
  m_PrefabInstance: {fileID: 0}
  m_PrefabAsset: {fileID: 0}
  serializedVersion: 6
  m_Component:
  - component: {fileID: 1748155002}
  - component: {fileID: 1748155003}
  m_Layer: 0
  m_Name: SideCollider
  m_TagString: Untagged
  m_Icon: {fileID: 0}
  m_NavMeshLayer: 0
  m_StaticEditorFlags: 0
  m_IsActive: 1
--- !u!4 &1748155002
Transform:
  m_ObjectHideFlags: 0
  m_CorrespondingSourceObject: {fileID: 0}
  m_PrefabInstance: {fileID: 0}
  m_PrefabAsset: {fileID: 0}
  m_GameObject: {fileID: 1748155001}
  m_LocalRotation: {x: -0.7071068, y: 0, z: 0, w: 0.7071068}
  m_LocalPosition: {x: -0.6102501, y: 14.629916, z: 5.1235676}
  m_LocalScale: {x: -30.45747, y: -30.457462, z: -30.457462}
  m_Children: []
  m_Father: {fileID: 151218259}
  m_RootOrder: 0
  m_LocalEulerAnglesHint: {x: -90, y: 0, z: 0}
--- !u!65 &1748155003
BoxCollider:
  m_ObjectHideFlags: 0
  m_CorrespondingSourceObject: {fileID: 0}
  m_PrefabInstance: {fileID: 0}
  m_PrefabAsset: {fileID: 0}
  m_GameObject: {fileID: 1748155001}
  m_Material: {fileID: 0}
  m_IsTrigger: 0
  m_Enabled: 1
  serializedVersion: 2
  m_Size: {x: 0.029757276, y: 0.00083523407, z: 0.0011040394}
  m_Center: {x: -0.020107703, y: -0.16859215, z: 0.4781194}
--- !u!1001 &1757923910
PrefabInstance:
  m_ObjectHideFlags: 0
  serializedVersion: 2
  m_Modification:
    m_TransformParent: {fileID: 1690950746}
    m_Modifications:
    - target: {fileID: 7938015943625529368, guid: f27ea080196033d41bec77cd8439d86d,
        type: 3}
      propertyPath: m_Name
      value: Stick
      objectReference: {fileID: 0}
    - target: {fileID: 6373198932435610123, guid: f27ea080196033d41bec77cd8439d86d,
        type: 3}
      propertyPath: m_LocalPosition.x
      value: -2.313
      objectReference: {fileID: 0}
    - target: {fileID: 6373198932435610123, guid: f27ea080196033d41bec77cd8439d86d,
        type: 3}
      propertyPath: m_LocalPosition.y
      value: 1.64
      objectReference: {fileID: 0}
    - target: {fileID: 6373198932435610123, guid: f27ea080196033d41bec77cd8439d86d,
        type: 3}
      propertyPath: m_LocalPosition.z
      value: 3.43
      objectReference: {fileID: 0}
    - target: {fileID: 6373198932435610123, guid: f27ea080196033d41bec77cd8439d86d,
        type: 3}
      propertyPath: m_LocalRotation.x
      value: -0.35355338
      objectReference: {fileID: 0}
    - target: {fileID: 6373198932435610123, guid: f27ea080196033d41bec77cd8439d86d,
        type: 3}
      propertyPath: m_LocalRotation.y
      value: 0.1464466
      objectReference: {fileID: 0}
    - target: {fileID: 6373198932435610123, guid: f27ea080196033d41bec77cd8439d86d,
        type: 3}
      propertyPath: m_LocalRotation.z
      value: 0.35355338
      objectReference: {fileID: 0}
    - target: {fileID: 6373198932435610123, guid: f27ea080196033d41bec77cd8439d86d,
        type: 3}
      propertyPath: m_LocalRotation.w
      value: 0.8535535
      objectReference: {fileID: 0}
    - target: {fileID: 6373198932435610123, guid: f27ea080196033d41bec77cd8439d86d,
        type: 3}
      propertyPath: m_RootOrder
      value: 3
      objectReference: {fileID: 0}
    - target: {fileID: 6373198932435610123, guid: f27ea080196033d41bec77cd8439d86d,
        type: 3}
      propertyPath: m_LocalEulerAnglesHint.x
      value: -45
      objectReference: {fileID: 0}
    - target: {fileID: 6373198932435610123, guid: f27ea080196033d41bec77cd8439d86d,
        type: 3}
      propertyPath: m_LocalEulerAnglesHint.y
      value: 0
      objectReference: {fileID: 0}
    - target: {fileID: 6373198932435610123, guid: f27ea080196033d41bec77cd8439d86d,
        type: 3}
      propertyPath: m_LocalEulerAnglesHint.z
      value: 45
      objectReference: {fileID: 0}
    - target: {fileID: 3576841341101904505, guid: f27ea080196033d41bec77cd8439d86d,
        type: 3}
      propertyPath: m_UseGravity
      value: 1
      objectReference: {fileID: 0}
    - target: {fileID: 4211530118458721035, guid: f27ea080196033d41bec77cd8439d86d,
        type: 3}
      propertyPath: m_Enabled
      value: 0
      objectReference: {fileID: 0}
    - target: {fileID: 8342182779220392289, guid: f27ea080196033d41bec77cd8439d86d,
        type: 3}
      propertyPath: m_Enabled
      value: 1
      objectReference: {fileID: 0}
    m_RemovedComponents: []
  m_SourcePrefab: {fileID: 100100000, guid: f27ea080196033d41bec77cd8439d86d, type: 3}
--- !u!4 &1757923911 stripped
Transform:
  m_CorrespondingSourceObject: {fileID: 6373198932435610123, guid: f27ea080196033d41bec77cd8439d86d,
    type: 3}
  m_PrefabInstance: {fileID: 1757923910}
  m_PrefabAsset: {fileID: 0}
--- !u!1 &1771208116 stripped
GameObject:
  m_CorrespondingSourceObject: {fileID: 210538826033173145, guid: b44a2c06dbdfab24ca4caaa09c346732,
    type: 3}
  m_PrefabInstance: {fileID: 1096601344}
  m_PrefabAsset: {fileID: 0}
--- !u!114 &1771208117
MonoBehaviour:
  m_ObjectHideFlags: 0
  m_CorrespondingSourceObject: {fileID: 0}
  m_PrefabInstance: {fileID: 0}
  m_PrefabAsset: {fileID: 0}
  m_GameObject: {fileID: 1771208116}
  m_Enabled: 1
  m_EditorHideFlags: 0
  m_Script: {fileID: 11500000, guid: 4ea7bb7ae97852643bf6bc936000795c, type: 3}
  m_Name: 
  m_EditorClassIdentifier: 
  objects: {fileID: 2028113767}
--- !u!1001 &1836558906
PrefabInstance:
  m_ObjectHideFlags: 0
  serializedVersion: 2
  m_Modification:
    m_TransformParent: {fileID: 0}
    m_Modifications:
    - target: {fileID: 4276133437603082720, guid: 32a477d435655ba48a658244f304920f,
        type: 3}
      propertyPath: m_Name
      value: PresentRegion1
      objectReference: {fileID: 0}
    - target: {fileID: 4276133437603082719, guid: 32a477d435655ba48a658244f304920f,
        type: 3}
      propertyPath: m_LocalPosition.x
      value: 0
      objectReference: {fileID: 0}
    - target: {fileID: 4276133437603082719, guid: 32a477d435655ba48a658244f304920f,
        type: 3}
      propertyPath: m_LocalPosition.y
      value: -5
      objectReference: {fileID: 0}
    - target: {fileID: 4276133437603082719, guid: 32a477d435655ba48a658244f304920f,
        type: 3}
      propertyPath: m_LocalPosition.z
      value: 0
      objectReference: {fileID: 0}
    - target: {fileID: 4276133437603082719, guid: 32a477d435655ba48a658244f304920f,
        type: 3}
      propertyPath: m_LocalRotation.x
      value: 0
      objectReference: {fileID: 0}
    - target: {fileID: 4276133437603082719, guid: 32a477d435655ba48a658244f304920f,
        type: 3}
      propertyPath: m_LocalRotation.y
      value: 0
      objectReference: {fileID: 0}
    - target: {fileID: 4276133437603082719, guid: 32a477d435655ba48a658244f304920f,
        type: 3}
      propertyPath: m_LocalRotation.z
      value: 0
      objectReference: {fileID: 0}
    - target: {fileID: 4276133437603082719, guid: 32a477d435655ba48a658244f304920f,
        type: 3}
      propertyPath: m_LocalRotation.w
      value: 1
      objectReference: {fileID: 0}
    - target: {fileID: 4276133437603082719, guid: 32a477d435655ba48a658244f304920f,
        type: 3}
      propertyPath: m_RootOrder
      value: 0
      objectReference: {fileID: 0}
    - target: {fileID: 4276133437603082719, guid: 32a477d435655ba48a658244f304920f,
        type: 3}
      propertyPath: m_LocalEulerAnglesHint.x
      value: 0
      objectReference: {fileID: 0}
    - target: {fileID: 4276133437603082719, guid: 32a477d435655ba48a658244f304920f,
        type: 3}
      propertyPath: m_LocalEulerAnglesHint.y
      value: 0
      objectReference: {fileID: 0}
    - target: {fileID: 4276133437603082719, guid: 32a477d435655ba48a658244f304920f,
        type: 3}
      propertyPath: m_LocalEulerAnglesHint.z
      value: 0
      objectReference: {fileID: 0}
    - target: {fileID: 9092016106953972999, guid: 32a477d435655ba48a658244f304920f,
        type: 3}
      propertyPath: m_LocalPosition.z
      value: -25.79
      objectReference: {fileID: 0}
    m_RemovedComponents: []
  m_SourcePrefab: {fileID: 100100000, guid: 32a477d435655ba48a658244f304920f, type: 3}
--- !u!1 &1859497984 stripped
GameObject:
  m_CorrespondingSourceObject: {fileID: 7938015943625529368, guid: f27ea080196033d41bec77cd8439d86d,
    type: 3}
  m_PrefabInstance: {fileID: 1757923910}
  m_PrefabAsset: {fileID: 0}
--- !u!114 &1859497985
MonoBehaviour:
  m_ObjectHideFlags: 0
  m_CorrespondingSourceObject: {fileID: 0}
  m_PrefabInstance: {fileID: 0}
  m_PrefabAsset: {fileID: 0}
  m_GameObject: {fileID: 1859497984}
  m_Enabled: 1
  m_EditorHideFlags: 0
  m_Script: {fileID: 11500000, guid: 4ea7bb7ae97852643bf6bc936000795c, type: 3}
  m_Name: 
  m_EditorClassIdentifier: 
  objects: {fileID: 2028113767}
--- !u!1001 &1997496535
PrefabInstance:
  m_ObjectHideFlags: 0
  serializedVersion: 2
  m_Modification:
    m_TransformParent: {fileID: 0}
    m_Modifications:
    - target: {fileID: -927199367670048503, guid: e85aeed45921fdb418ddb8331ef79b78,
        type: 3}
      propertyPath: m_Name
      value: BarnNew
      objectReference: {fileID: 0}
    - target: {fileID: -4216859302048453862, guid: e85aeed45921fdb418ddb8331ef79b78,
        type: 3}
      propertyPath: m_LocalPosition.x
      value: -1.3
      objectReference: {fileID: 0}
    - target: {fileID: -4216859302048453862, guid: e85aeed45921fdb418ddb8331ef79b78,
        type: 3}
      propertyPath: m_LocalPosition.y
      value: -0.95
      objectReference: {fileID: 0}
    - target: {fileID: -4216859302048453862, guid: e85aeed45921fdb418ddb8331ef79b78,
        type: 3}
      propertyPath: m_LocalPosition.z
      value: -9.46
      objectReference: {fileID: 0}
    - target: {fileID: -4216859302048453862, guid: e85aeed45921fdb418ddb8331ef79b78,
        type: 3}
      propertyPath: m_LocalRotation.x
      value: 0
      objectReference: {fileID: 0}
    - target: {fileID: -4216859302048453862, guid: e85aeed45921fdb418ddb8331ef79b78,
        type: 3}
      propertyPath: m_LocalRotation.y
      value: 0
      objectReference: {fileID: 0}
    - target: {fileID: -4216859302048453862, guid: e85aeed45921fdb418ddb8331ef79b78,
        type: 3}
      propertyPath: m_LocalRotation.z
      value: 0
      objectReference: {fileID: 0}
    - target: {fileID: -4216859302048453862, guid: e85aeed45921fdb418ddb8331ef79b78,
        type: 3}
      propertyPath: m_LocalRotation.w
      value: 1
      objectReference: {fileID: 0}
    - target: {fileID: -4216859302048453862, guid: e85aeed45921fdb418ddb8331ef79b78,
        type: 3}
      propertyPath: m_RootOrder
      value: 1
      objectReference: {fileID: 0}
    - target: {fileID: -4216859302048453862, guid: e85aeed45921fdb418ddb8331ef79b78,
        type: 3}
      propertyPath: m_LocalEulerAnglesHint.x
      value: 0
      objectReference: {fileID: 0}
    - target: {fileID: -4216859302048453862, guid: e85aeed45921fdb418ddb8331ef79b78,
        type: 3}
      propertyPath: m_LocalEulerAnglesHint.y
      value: 0
      objectReference: {fileID: 0}
    - target: {fileID: -4216859302048453862, guid: e85aeed45921fdb418ddb8331ef79b78,
        type: 3}
      propertyPath: m_LocalEulerAnglesHint.z
      value: 0
      objectReference: {fileID: 0}
    m_RemovedComponents: []
  m_SourcePrefab: {fileID: 100100000, guid: e85aeed45921fdb418ddb8331ef79b78, type: 3}
--- !u!1 &2028113767 stripped
GameObject:
  m_CorrespondingSourceObject: {fileID: 3776731950276919385, guid: 18b815da4cd13fd4aae77699c9aea1e9,
    type: 3}
  m_PrefabInstance: {fileID: 448958036}
  m_PrefabAsset: {fileID: 0}
--- !u!1 &2058837047 stripped
GameObject:
  m_CorrespondingSourceObject: {fileID: 6279611183901459471, guid: 409047c948441f045802894b274e1903,
    type: 3}
  m_PrefabInstance: {fileID: 703122860}
  m_PrefabAsset: {fileID: 0}
--- !u!1001 &2137304925380262481
PrefabInstance:
  m_ObjectHideFlags: 0
  serializedVersion: 2
  m_Modification:
    m_TransformParent: {fileID: 0}
    m_Modifications:
    - target: {fileID: 1944821126157265314, guid: 98dea0b6162cfeb46a7da562db2a3a1e,
        type: 3}
      propertyPath: m_Name
      value: PlayerController
      objectReference: {fileID: 0}
    - target: {fileID: 1207813707229577045, guid: 98dea0b6162cfeb46a7da562db2a3a1e,
        type: 3}
      propertyPath: m_LocalPosition.x
      value: 0
      objectReference: {fileID: 0}
    - target: {fileID: 1207813707229577045, guid: 98dea0b6162cfeb46a7da562db2a3a1e,
        type: 3}
      propertyPath: m_LocalPosition.y
      value: 0
      objectReference: {fileID: 0}
    - target: {fileID: 1207813707229577045, guid: 98dea0b6162cfeb46a7da562db2a3a1e,
        type: 3}
      propertyPath: m_LocalPosition.z
      value: 0
      objectReference: {fileID: 0}
    - target: {fileID: 1207813707229577045, guid: 98dea0b6162cfeb46a7da562db2a3a1e,
        type: 3}
      propertyPath: m_LocalRotation.x
      value: 0
      objectReference: {fileID: 0}
    - target: {fileID: 1207813707229577045, guid: 98dea0b6162cfeb46a7da562db2a3a1e,
        type: 3}
      propertyPath: m_LocalRotation.y
      value: 0
      objectReference: {fileID: 0}
    - target: {fileID: 1207813707229577045, guid: 98dea0b6162cfeb46a7da562db2a3a1e,
        type: 3}
      propertyPath: m_LocalRotation.z
      value: 0
      objectReference: {fileID: 0}
    - target: {fileID: 1207813707229577045, guid: 98dea0b6162cfeb46a7da562db2a3a1e,
        type: 3}
      propertyPath: m_LocalRotation.w
      value: 1
      objectReference: {fileID: 0}
    - target: {fileID: 1207813707229577045, guid: 98dea0b6162cfeb46a7da562db2a3a1e,
        type: 3}
      propertyPath: m_RootOrder
      value: 4
      objectReference: {fileID: 0}
    - target: {fileID: 1207813707229577045, guid: 98dea0b6162cfeb46a7da562db2a3a1e,
        type: 3}
      propertyPath: m_LocalEulerAnglesHint.x
      value: 0
      objectReference: {fileID: 0}
    - target: {fileID: 1207813707229577045, guid: 98dea0b6162cfeb46a7da562db2a3a1e,
        type: 3}
      propertyPath: m_LocalEulerAnglesHint.y
      value: 0
      objectReference: {fileID: 0}
    - target: {fileID: 1207813707229577045, guid: 98dea0b6162cfeb46a7da562db2a3a1e,
        type: 3}
      propertyPath: m_LocalEulerAnglesHint.z
      value: 0
      objectReference: {fileID: 0}
    - target: {fileID: 5153537650301986541, guid: 98dea0b6162cfeb46a7da562db2a3a1e,
        type: 3}
      propertyPath: objCol
      value: 
      objectReference: {fileID: 2028113767}
    - target: {fileID: 569830401550527221, guid: 98dea0b6162cfeb46a7da562db2a3a1e,
        type: 3}
      propertyPath: aud.Array.data[0]
      value: 
      objectReference: {fileID: 2058837047}
    - target: {fileID: 569830401550527221, guid: 98dea0b6162cfeb46a7da562db2a3a1e,
        type: 3}
      propertyPath: aud.Array.data[1]
      value: 
      objectReference: {fileID: 467437849}
    - target: {fileID: 569830401550527221, guid: 98dea0b6162cfeb46a7da562db2a3a1e,
        type: 3}
      propertyPath: aud.Array.data[2]
      value: 
      objectReference: {fileID: 415263551}
    m_RemovedComponents: []
  m_SourcePrefab: {fileID: 100100000, guid: 98dea0b6162cfeb46a7da562db2a3a1e, type: 3}
